@article { HO17,
    author = {Hyondong Oh, et al.},
    title = {Bio-inspired self-organising multi-robot pattern formation: A review},
    journal = {Robotics And Autonomous Systems},
    year = {2017},
    publisher = {Elsevier},
    volume = 91
}
